1840 3984
1647 39 1722 136 <filename>11.jpg</filename>
321 765 532 868 No 1823
863 802 1617 945 Berlin, le 30 Septembre 1894
1171 898 1439 962 12 Octobre
188 1093 665 1209 Pr. 14 Oktober 1894
536 1173 1234 1299 Monsieur le Baron
657 1467 1562 1618 Pour faire suite à la note
441 1625 1604 1739 de Mr. de Scharykow en date du
447 1712 1586 1826 b. Iuiw dr. NN°1026, j’ai l’honneur
441 1809 1614 1941 de transmettre c joint une traite
438 1903 1517 2039 de 10.000. franco, en recourant à
444 1995 1698 2141 l’obligeance éprouvée de Votre Excellence
439 2095 1614 2205 avec la priere de vouloir bien la
446 2205 1557 2324 faire tenir au Consulat Genéral
435 2285 1612 2450 d’Allemagne à Sofia à titre de
450 2391 1645 2518 remboursement des frais occasionnés
439 2505 1662 2636 un dit Consulat. Général par l’entre.
449 2585 1654 2741 tien des archives et les émoluments
133 2841 1315 3037 J. E. Mr. le Baron de Marschale, s.
948 2987 1448 3154 Thuyld 159
962 3101 1306 3245 Übersetzung: Im Anschluss an die Mitteilung von Herrn de Scharykow vom b. Iuiw dr. Nr. 1026, habe ich die Ehre, beiliegend einen Wechsel über 10.000. franco zu übersenden, indem ich mich auf das bewährte Entgegenkommen Eurer Exzellenz berufe, mit der Bitte, ihn im deutschen Generalkonsulat in Sofia als Erstattung der Kosten, die dem genannten Konsulat entstanden sind, aufbewahren zu lassen. Generalkonsulat durch die Führung der Archive und die Gebühren.
